@inproceedings{Shankar:2001:DFS,
 author = {Shankar, Umesh and Talwar, Kunal and Foster, Jeffrey S. and Wagner, David},
 title = {Detecting format string vulnerabilities with type qualifiers},
 booktitle = {Proceedings of the 10th conference on USENIX Security Symposium - Volume 10},
 series = {SSYM'01},
 year = {2001},
 location = {Washington, D.C.},
 pages = {16--16},
 numpages = {1},
 url = {http://dl.acm.org/citation.cfm?id=1251327.1251343},
 acmid = {1251343},
 publisher = {USENIX Association},
 address = {Berkeley, CA, USA},
}

@inproceedings{Lhotak:2011:PAE,
 author = {Lhot\'{a}k, Ondrej and Chung, Kwok-Chiang Andrew},
 title = {Points-to analysis with efficient strong updates},
 booktitle = {Proceedings of the 38th annual ACM SIGPLAN-SIGACT symposium on Principles of programming languages},
 series = {POPL '11},
 year = {2011},
 isbn = {978-1-4503-0490-0},
 location = {Austin, Texas, USA},
 pages = {3--16},
 numpages = {14},
 url = {http://doi.acm.org/10.1145/1926385.1926389},
 doi = {10.1145/1926385.1926389},
 acmid = {1926389},
 publisher = {ACM},
 address = {New York, NY, USA},
 keywords = {andersen's analysis, flow sensitivity, llvm, points-to analysis, strong updates},
}