@inproceedings{Shankar:2001:DFS,
 author = {Shankar, Umesh and Talwar, Kunal and Foster, Jeffrey S. and Wagner, David},
 title = {Detecting format string vulnerabilities with type qualifiers},
 booktitle = {Proceedings of the 10th conference on USENIX Security Symposium - Volume 10},
 series = {SSYM'01},
 year = {2001},
 location = {Washington, D.C.},
 pages = {16--16},
 numpages = {1},
 url = {http://dl.acm.org/citation.cfm?id=1251327.1251343},
 acmid = {1251343},
 publisher = {USENIX Association},
 address = {Berkeley, CA, USA},
}

@inproceedings{Foster:pldi99,
  author = {Jeffrey S. Foster and Manuel F{\&quot;{a}}hndrich and Alexander Aiken},
  title = {{A Theory of Type Qualifiers}},
  booktitle = {Proceedings of the 1999 ACM SIGPLAN Conference on Programming Language Design and Implementation (PLDI)},
  pages = {192--203},
  year = {1999},
  address = {Atlanta, Georgia},
  month = {May},
}


@inproceedings{Lhotak:2011:PAE,
 author = {Lhot\'{a}k, Ondrej and Chung, Kwok-Chiang Andrew},
 title = {Points-to analysis with efficient strong updates},
 booktitle = {Proceedings of the 38th annual ACM SIGPLAN-SIGACT symposium on Principles of programming languages},
 series = {POPL '11},
 year = {2011},
 isbn = {978-1-4503-0490-0},
 location = {Austin, Texas, USA},
 pages = {3--16},
 numpages = {14},
 url = {http://doi.acm.org/10.1145/1926385.1926389},
 doi = {10.1145/1926385.1926389},
 acmid = {1926389},
 publisher = {ACM},
 address = {New York, NY, USA},
 keywords = {andersen's analysis, flow sensitivity, llvm, points-to analysis, strong updates},
}

@InProceedings{livshits05finding,
  title        = "Finding Security Errors in {J}ava Programs with Static Analysis",
  author       = "V. Benjamin Livshits and Monica S. Lam",
  year         = "2005",
  month        = aug,
  pages        = "271--286",
  booktitle    = "Proceedings of the 14th Usenix Security Symposium",
}

@misc{Dimitru:2009:STAC,
 author = {Dumitru CEARA},
 title = {Detecting Software Vulnerabilities Static Taint Analysis},
 howpublished = {http://tanalysis.googlecode.com/files/DumitruCeara\_BSc.pdf},
 series = {POPL '11},
 year = {2009},
 note = {Internship Report at Verimag Laboratory},
 }

@inproceedings{Lattner:2004:LLVM,
 author = {Lattner, Chris and Adve, Vikram},
 title = {LLVM: A Compilation Framework for Lifelong Program Analysis \& Transformation},
 booktitle = {Proceedings of the international symposium on Code generation and optimization: feedback-directed and runtime optimization},
 series = {CGO '04},
 year = {2004},
 isbn = {0-7695-2102-9},
 location = {Palo Alto, California},
 pages = {75--},
 url = {http://dl.acm.org/citation.cfm?id=977395.977673},
 acmid = {977673},
 publisher = {IEEE Computer Society},
 address = {Washington, DC, USA},
}