@inproceedings{Reps:1995:popl,
 author = {Reps, Thomas and Horwitz, Susan and Sagiv, Mooly},
 title = {Precise interprocedural dataflow analysis via graph reachability},
 booktitle = {Proceedings of the 22nd ACM SIGPLAN-SIGACT symposium on Principles of programming languages},
 series = {POPL '95},
 year = {1995},
 isbn = {0-89791-692-1},
 location = {San Francisco, California, USA},
 pages = {49--61},
 numpages = {13},
 url = {http://doi.acm.org/10.1145/199448.199462},
 doi = {10.1145/199448.199462},
 acmid = {199462},
 publisher = {ACM},
 address = {New York, NY, USA},
} 

@INPROCEEDINGS{Rountev06interproceduraldataflow,
    author = {Atanas Rountev and Scott Kagan and Thomas Marlowe},
    title = {Interprocedural dataflow analysis in the presence of large libraries},
    booktitle = {In Int. Conf. Compiler Construction, LNCS 3923},
    year = {2006},
    pages = {2--16},
    publisher = {Springer}
}

