@inproceedings{Nguyen:2012:UDA,
 author = {Nguyen, ThanhVu and Kapur, Deepak and Weimer, Westley and Forrest, Stephanie},
 title = {Using dynamic analysis to discover polynomial and array invariants},
 booktitle = {Proceedings of the 2012 International Conference on Software Engineering},
 series = {ICSE 2012},
 year = {2012},
 isbn = {978-1-4673-1067-3},
 location = {Zurich, Switzerland},
 pages = {683--693},
 numpages = {11},
 url = {http://dl.acm.org/citation.cfm?id=2337223.2337304},
 acmid = {2337304},
 publisher = {IEEE Press},
 address = {Piscataway, NJ, USA},
} 

@inproceedings{Pradel:2013:ATS,
 author = {Pradel, Michael and Gross, Thomas R.},
 title = {Automatic testing of sequential and concurrent substitutability},
 booktitle = {Proceedings of the 2013 International Conference on Software Engineering},
 series = {ICSE '13},
 year = {2013},
 isbn = {978-1-4673-3076-3},
 location = {San Francisco, CA, USA},
 pages = {282--291},
 numpages = {10},
 url = {http://dl.acm.org/citation.cfm?id=2486788.2486826},
 acmid = {2486826},
 publisher = {IEEE Press},
 address = {Piscataway, NJ, USA},
} 
