@inproceedings{Clause:2007:Dytan,
 author = {Clause, James and Li, Wanchun and Orso, Alessandro},
 title = {Dytan: a generic dynamic taint analysis framework},
 booktitle = {Proceedings of the 2007 international symposium on Software testing and analysis},
 series = {ISSTA '07},
 year = {2007},
 isbn = {978-1-59593-734-6},
 location = {London, United Kingdom},
 pages = {196--206},
 numpages = {11},
 url = {http://doi.acm.org/10.1145/1273463.1273490},
 doi = {10.1145/1273463.1273490},
 acmid = {1273490},
 publisher = {ACM},
 address = {New York, NY, USA},
 keywords = {dynamic tainting, general framework, information flow},
}

@inproceedings{Jovanovic:2006:Pixy,
 author = {Jovanovic, Nenad and Kruegel, Christopher and Kirda, Engin},
 title = {Pixy: A Static Analysis Tool for Detecting Web Application Vulnerabilities (Short Paper)},
 booktitle = {Proceedings of the 2006 IEEE Symposium on Security and Privacy},
 series = {SP '06},
 year = {2006},
 isbn = {0-7695-2574-1},
 pages = {258--263},
 numpages = {6},
 url = {http://dx.doi.org/10.1109/SP.2006.29},
 doi = {10.1109/SP.2006.29},
 acmid = {1130378},
 publisher = {IEEE Computer Society},
 address = {Washington, DC, USA},
}

@inproceedings{Kiezun:2009:Ardilla,
   author = {Adam Kie{\.z}un and Philip J. Guo and Karthick Jayaraman and
	Michael D. Ernst},
   title = {Automatic creation of {SQL} injection and cross-site scripting
	attacks},
   booktitle = {ICSE'09, Proceedings of the 31st International Conference
	on Software Engineering},
   pages = {199--209},
   address = {Vancouver, BC, Canada},
   month = {May~20--22,},
   year = {2009}
}

@inproceedings{Chang:2009:ICS,
 author = {Chang, Richard and Jiang, Guofei and Ivancic, Franjo and Sankaranarayanan, Sriram and Shmatikov, Vitaly},
 title = {Inputs of Coma: Static Detection of Denial-of-Service Vulnerabilities},
 booktitle = {Proceedings of the 2009 22nd IEEE Computer Security Foundations Symposium},
 series = {CSF '09},
 year = {2009},
 isbn = {978-0-7695-3712-2},
 pages = {186--199},
 numpages = {14},
 url = {http://dx.doi.org/10.1109/CSF.2009.13},
 doi = {10.1109/CSF.2009.13},
 acmid = {1603628},
 publisher = {IEEE Computer Society},
 address = {Washington, DC, USA},
 keywords = {Denial-of-service, static analysis, network security},
} 

@inproceedings{Shankar:2001:DFS,
 author = {Shankar, Umesh and Talwar, Kunal and Foster, Jeffrey S. and Wagner, David},
 title = {Detecting format string vulnerabilities with type qualifiers},
 booktitle = {Proceedings of the 10th conference on USENIX Security Symposium - Volume 10},
 series = {SSYM'01},
 year = {2001},
 location = {Washington, D.C.},
 pages = {16--16},
 numpages = {1},
 url = {http://dl.acm.org/citation.cfm?id=1251327.1251343},
 acmid = {1251343},
 publisher = {USENIX Association},
 address = {Berkeley, CA, USA},
}

@inproceedings{Foster:pldi99,
  author = {Jeffrey S. Foster and Manuel F{\&quot;{a}}hndrich and Alexander Aiken},
  title = {{A Theory of Type Qualifiers}},
  booktitle = {Proceedings of the 1999 ACM SIGPLAN Conference on Programming Language Design and Implementation (PLDI)},
  pages = {192--203},
  year = {1999},
  address = {Atlanta, Georgia},
  month = {May},
}


@inproceedings{Lhotak:2011:PAE,
 author = {Lhot\'{a}k, Ondrej and Chung, Kwok-Chiang Andrew},
 title = {Points-to analysis with efficient strong updates},
 booktitle = {Proceedings of the 38th annual ACM SIGPLAN-SIGACT symposium on Principles of programming languages},
 series = {POPL '11},
 year = {2011},
 isbn = {978-1-4503-0490-0},
 location = {Austin, Texas, USA},
 pages = {3--16},
 numpages = {14},
 url = {http://doi.acm.org/10.1145/1926385.1926389},
 doi = {10.1145/1926385.1926389},
 acmid = {1926389},
 publisher = {ACM},
 address = {New York, NY, USA},
 keywords = {andersen's analysis, flow sensitivity, llvm, points-to analysis, strong updates},
}

@InProceedings{livshits05finding,
  title        = "Finding Security Errors in {J}ava Programs with Static Analysis",
  author       = "V. Benjamin Livshits and Monica S. Lam",
  year         = "2005",
  month        = aug,
  pages        = "271--286",
  booktitle    = "Proceedings of the 14th Usenix Security Symposium",
}

@misc{Dimitru:2009:STAC,
 author = {Dumitru CEARA},
 title = {Detecting Software Vulnerabilities Static Taint Analysis},
 howpublished = {http://tanalysis.googlecode.com/files/DumitruCeara\_BSc.pdf},
 series = {POPL '11},
 year = {2009},
 note = {Internship Report at Verimag Laboratory},
 }

@inproceedings{Avots:2005:ISS,
 author = {Avots, Dzintars and Dalton, Michael and Livshits, V. Benjamin and Lam, Monica S.},
 title = {Improving software security with a C pointer analysis},
 booktitle = {Proceedings of the 27th international conference on Software engineering},
 series = {ICSE '05},
 year = {2005},
 isbn = {1-58113-963-2},
 location = {St. Louis, MO, USA},
 pages = {332--341},
 numpages = {10},
 url = {http://doi.acm.org/10.1145/1062455.1062520},
 doi = {10.1145/1062455.1062520},
 acmid = {1062520},
 publisher = {ACM},
 address = {New York, NY, USA},
 keywords = {buffer overflows, context-sensitive, dynamic analysis, error detection, format string violations, pointer analysis, program analysis, programming languages, security aws, software errors, software security, type safety, vulnerabilities},
} 

@article{Tripp:2009:TET,
 author = {Tripp, Omer and Pistoia, Marco and Fink, Stephen J. and Sridharan, Manu and Weisman, Omri},
 title = {TAJ: effective taint analysis of web applications},
 journal = {SIGPLAN Not.},
 issue_date = {June 2009},
 volume = {44},
 number = {6},
 month = jun,
 year = {2009},
 issn = {0362-1340},
 pages = {87--97},
 numpages = {11},
 url = {http://doi.acm.org/10.1145/1543135.1542486},
 doi = {10.1145/1543135.1542486},
 acmid = {1542486},
 publisher = {ACM},
 address = {New York, NY, USA},
 keywords = {java, program analysis, security, slicing, static analysis, taint analysis, web application},
} 


@inproceedings{Lattner:2004:LLVM,
 author = {Lattner, Chris and Adve, Vikram},
 title = {LLVM: A Compilation Framework for Lifelong Program Analysis \& Transformation},
 booktitle = {Proceedings of the international symposium on Code generation and optimization: feedback-directed and runtime optimization},
 series = {CGO '04},
 year = {2004},
 isbn = {0-7695-2102-9},
 location = {Palo Alto, California},
 pages = {75--},
 url = {http://dl.acm.org/citation.cfm?id=977395.977673},
 acmid = {977673},
 publisher = {IEEE Computer Society},
 address = {Washington, DC, USA},
}