@inproceedings{Balzarotti:2008:SCS4,
 author = {Balzarotti, Davide and Cova, Marco and Felmetsger, Vika and Jovanovic, Nenad and Kirda, Engin and Kruegel, Christopher and Vigna, Giovanni},
 title = {Saner: Composing Static and Dynamic Analysis to Validate Sanitization in Web Applications},
 booktitle = {Proceedings of the 2008 IEEE Symposium on Security and Privacy},
 series = {SP '08},
 year = {2008},
 isbn = {978-0-7695-3168-7},
 pages = {387--401},
 numpages = {15},
 url = {http://dx.doi.org/10.1109/SP.2008.22},
 doi = {10.1109/SP.2008.22},
 acmid = {1398044},
 publisher = {IEEE Computer Society},
 address = {Washington, DC, USA}
}

@inproceedings{Engler:2000:CSR,
 author = {Engler, Dawson and Chelf, Benjamin and Chou, Andy and Hallem, Seth},
 title = {Checking System Rules Using System-specific, Programmer-written Compiler Extensions},
 booktitle = {Proceedings of the 4th Conference on Symposium on Operating System Design \& Implementation - Volume 4},
 series = {OSDI'00},
 year = {2000},
 location = {San Diego, California},
 pages = {1--1},
 numpages = {1},
 url = {http://dl.acm.org/citation.cfm?id=1251229.1251230},
 acmid = {1251230},
 publisher = {USENIX Association},
 address = {Berkeley, CA, USA}
 }

@techreport{Scholz:2008:UDA,
 author = {Scholz, Bernhard and Zhang, Chenyi and Cifuentes, Cristina},
 title = {User-input Dependence Analysis via Graph Reachability},
 year = {2008},
 source = {SMLI TR-2008-171},
 publisher = {Sun Microsystems, Inc.},
 address = {Mountain View, CA, USA}
} 

@InProceedings{DSA:PLDI07,
 author    = {Chris Lattner and Andrew Lenharth and Vikram Adve},
 title     = "{Making Context-Sensitive Points-to Analysis with Heap Cloning Practical For The Real World}",
 booktitle = "{Proceedings of the 2007 ACM SIGPLAN Conference on Programming Language Design and Implementation (PLDI'07)}",
 address   = {San Diego, California},
 month     = {June},
 year      = {2007}
}


@inproceedings{Clause:2007:Dytan,
 author = {Clause, James and Li, Wanchun and Orso, Alessandro},
 title = {Dytan: a generic dynamic taint analysis framework},
 booktitle = {Proceedings of the 2007 international symposium on Software testing and analysis},
 series = {ISSTA '07},
 year = {2007},
 isbn = {978-1-59593-734-6},
 location = {London, United Kingdom},
 pages = {196--206},
 numpages = {11},
 url = {http://doi.acm.org/10.1145/1273463.1273490},
 doi = {10.1145/1273463.1273490},
 acmid = {1273490},
 publisher = {ACM},
 address = {New York, NY, USA},
 keywords = {dynamic tainting, general framework, information flow},
}

@inproceedings{Parfait:2008,
 author = {Cifuentes, Cristina and Scholz, Bernhard},
 title = {Parfait: designing a scalable bug checker},
 booktitle = {SAW '08: Proceedings of the 2008 workshop on Static analysis},
 year = {2008},
 isbn = {978-1-59593-924-1},
 pages = {4--11},
 location = {Tucson, Arizona},
 doi = {http://doi.acm.org/10.1145/1394504.1394505},
 publisher = {ACM},
 address = {New York, NY, USA}
 }
 
@inproceedings{Jovanovic:2006:Pixy,
 author = {Jovanovic, Nenad and Kruegel, Christopher and Kirda, Engin},
 title = {Pixy: A Static Analysis Tool for Detecting Web Application Vulnerabilities (Short Paper)},
 booktitle = {Proceedings of the 2006 IEEE Symposium on Security and Privacy},
 series = {SP '06},
 year = {2006},
 isbn = {0-7695-2574-1},
 pages = {258--263},
 numpages = {6},
 url = {http://dx.doi.org/10.1109/SP.2006.29},
 doi = {10.1109/SP.2006.29},
 acmid = {1130378},
 publisher = {IEEE Computer Society},
 address = {Washington, DC, USA},
}

@inproceedings{Kiezun:2009:Ardilla,
   author = {Adam Kie{\.z}un and Philip J. Guo and Karthick Jayaraman and
	Michael D. Ernst},
   title = {Automatic creation of {SQL} injection and cross-site scripting
	attacks},
   booktitle = {ICSE'09, Proceedings of the 31st International Conference
	on Software Engineering},
   pages = {199--209},
   address = {Vancouver, BC, Canada},
   month = {May~20--22,},
   year = {2009}
}

@inproceedings{Chang:2009:ICS,
 author = {Chang, Richard and Jiang, Guofei and Ivancic, Franjo and Sankaranarayanan, Sriram and Shmatikov, Vitaly},
 title = {Inputs of Coma: Static Detection of Denial-of-Service Vulnerabilities},
 booktitle = {Proceedings of the 2009 22nd IEEE Computer Security Foundations Symposium},
 series = {CSF '09},
 year = {2009},
 isbn = {978-0-7695-3712-2},
 pages = {186--199},
 numpages = {14},
 url = {http://dx.doi.org/10.1109/CSF.2009.13},
 doi = {10.1109/CSF.2009.13},
 acmid = {1603628},
 publisher = {IEEE Computer Society},
 address = {Washington, DC, USA},
 keywords = {Denial-of-service, static analysis, network security}
} 

@inproceedings{Foster:1999:TTQ,
 author = {Foster, Jeffrey S. and F\"{a}hndrich, Manuel and Aiken, Alexander},
 title = {A Theory of Type Qualifiers},
 booktitle = {Proceedings of the ACM SIGPLAN 1999 Conference on Programming Language Design and Implementation},
 series = {PLDI '99},
 year = {1999},
 isbn = {1-58113-094-5},
 location = {Atlanta, Georgia, USA},
 pages = {192--203},
 numpages = {12},
 url = {http://doi.acm.org/10.1145/301618.301665},
 doi = {10.1145/301618.301665},
 acmid = {301665},
 publisher = {ACM},
 address = {New York, NY, USA}
} 


@inproceedings{Shankar:2001:DFS,
 author = {Shankar, Umesh and Talwar, Kunal and Foster, Jeffrey S. and Wagner, David},
 title = {Detecting format string vulnerabilities with type qualifiers},
 booktitle = {Proceedings of the 10th conference on USENIX Security Symposium - Volume 10},
 series = {SSYM'01},
 year = {2001},
 location = {Washington, D.C.},
 pages = {16--16},
 numpages = {1},
 url = {http://dl.acm.org/citation.cfm?id=1251327.1251343},
 acmid = {1251343},
 publisher = {USENIX Association},
 address = {Berkeley, CA, USA},
}

@inproceedings{Lhotak:2011:PAE,
 author = {Lhot\'{a}k, Ondrej and Chung, Kwok-Chiang Andrew},
 title = {Points-to analysis with efficient strong updates},
 booktitle = {Proceedings of the 38th annual ACM SIGPLAN-SIGACT symposium on Principles of programming languages},
 series = {POPL '11},
 year = {2011},
 isbn = {978-1-4503-0490-0},
 location = {Austin, Texas, USA},
 pages = {3--16},
 numpages = {14},
 url = {http://doi.acm.org/10.1145/1926385.1926389},
 doi = {10.1145/1926385.1926389},
 acmid = {1926389},
 publisher = {ACM},
 address = {New York, NY, USA},
 keywords = {andersen's analysis, flow sensitivity, llvm, points-to analysis, strong updates},
}

@InProceedings{livshits05finding,
  title        = "Finding Security Errors in {J}ava Programs with Static Analysis",
  author       = "V. Benjamin Livshits and Monica S. Lam",
  year         = "2005",
  month        = aug,
  pages        = "271--286",
  booktitle    = "Proceedings of the 14th Usenix Security Symposium",
}

@misc{Dimitru:2009:STAC,
 author = {Dumitru CEARA},
 title = {Detecting Software Vulnerabilities Static Taint Analysis},
 howpublished = {http://tanalysis.googlecode.com/files/DumitruCeara\_BSc.pdf},
 series = {POPL '11},
 year = {2009},
 note = {Internship Report at Verimag Laboratory},
 }

@inproceedings{Avots:2005:ISS,
 author = {Avots, Dzintars and Dalton, Michael and Livshits, V. Benjamin and Lam, Monica S.},
 title = {Improving software security with a C pointer analysis},
 booktitle = {Proceedings of the 27th international conference on Software engineering},
 series = {ICSE '05},
 year = {2005},
 isbn = {1-58113-963-2},
 location = {St. Louis, MO, USA},
 pages = {332--341},
 numpages = {10},
 url = {http://doi.acm.org/10.1145/1062455.1062520},
 doi = {10.1145/1062455.1062520},
 acmid = {1062520},
 publisher = {ACM},
 address = {New York, NY, USA},
 keywords = {buffer overflows, context-sensitive, dynamic analysis, error detection, format string violations, pointer analysis, program analysis, programming languages, security aws, software errors, software security, type safety, vulnerabilities}
} 

@article{Tripp:2009:TAJ,
 author = {Tripp, Omer and Pistoia, Marco and Fink, Stephen J. and Sridharan, Manu and Weisman, Omri},
 title = {TAJ: effective taint analysis of web applications},
 journal = {SIGPLAN Not.},
 issue_date = {June 2009},
 volume = {44},
 number = {6},
 month = jun,
 year = {2009},
 issn = {0362-1340},
 pages = {87--97},
 numpages = {11},
 url = {http://doi.acm.org/10.1145/1543135.1542486},
 doi = {10.1145/1543135.1542486},
 acmid = {1542486},
 publisher = {ACM},
 address = {New York, NY, USA},
 keywords = {java, program analysis, security, slicing, static analysis, taint analysis, web application}
} 


@inproceedings{Lattner:2004:LLVM,
 author = {Lattner, Chris and Adve, Vikram},
 title = {LLVM: A Compilation Framework for Lifelong Program Analysis \& Transformation},
 booktitle = {Proceedings of the international symposium on Code generation and optimization: feedback-directed and runtime optimization},
 series = {CGO '04},
 year = {2004},
 isbn = {0-7695-2102-9},
 location = {Palo Alto, California},
 pages = {75--},
 url = {http://dl.acm.org/citation.cfm?id=977395.977673},
 acmid = {977673},
 publisher = {IEEE Computer Society},
 address = {Washington, DC, USA},
}

@Inproceedings{KMPS2011,
  author = {Min Gyung Kang and Stephen McCamant and Pongsin Poosankam and Dawn Song},
  title = {{DTA}++: Dynamic Taint Analysis with Targeted Control-Flow Propagation},
  booktitle = {Proceedings of the 18th Annual Network and Distributed System Security Symposium},
  address = {San Diego, CA},
  year = 2011,
  month = feb,
}

@techreport{Livshits:2012:DTTMR,
 author = {Livshits, Benjamin},
 title = {Dynamic Taint Tracking in Managed Runtimes},
 year = {2012},
 source = {MSR-TR-2012-114},
 publisher = {Microsoft Research},
 address = {Redmond, CA, USA}
} 

@Inproceedings{Trip:2011:HAJSA,
  author = {Omer Tripp and Omri Weisman},
  title = {Hybrid Analysis for JavaScript Security Assessment},
  publisher = {ACM Conference on the Foundations of Software Engineering (ESEC/FSE '11 -- Industrial Track)},
  address = {New York, NY, USA},
  year = 2011,
}

@inproceedings{Schwartz:2010:YEW,
 author = {Schwartz, Edward J. and Avgerinos, Thanassis and Brumley, David},
 title = {All You Ever Wanted to Know About Dynamic Taint Analysis and Forward Symbolic Execution (but Might Have Been Afraid to Ask)},
 booktitle = {Proceedings of the 2010 IEEE Symposium on Security and Privacy},
 series = {SP '10},
 year = {2010},
 isbn = {978-0-7695-4035-1},
 pages = {317--331},
 numpages = {15},
 url = {http://dx.doi.org/10.1109/SP.2010.26},
 doi = {10.1109/SP.2010.26},
 acmid = {1849981},
 publisher = {IEEE Computer Society},
 address = {Washington, DC, USA},
 keywords = {taint analysis, symbolic execution, dynamic analysis}
} 

@inproceedings{Reps:1995:PIC,
 author = {Reps, Thomas and Rosay, Genevieve},
 title = {Precise Interprocedural Chopping},
 booktitle = {Proceedings of the 3rd ACM SIGSOFT Symposium on Foundations of Software Engineering},
 series = {SIGSOFT '95},
 year = {1995},
 isbn = {0-89791-716-2},
 location = {Washington, D.C., USA},
 pages = {41--52},
 numpages = {12},
 url = {http://doi.acm.org/10.1145/222124.222138},
 doi = {10.1145/222124.222138},
 acmid = {222138},
 publisher = {ACM},
 address = {New York, NY, USA},
 keywords = {debugging, graph reachability, interprocedural analysis, program chopping, program dependence graph, program slicing, realizable path},
}

@book{Ullman:1988:datalog,
 author = {Ullman, Jeffrey D.},
 title = {Principles of Database and Knowledge-base Systems, Vol. I},
 year = {1988},
 isbn = {0-88175-188-X},
 publisher = {Computer Science Press, Inc.},
 address = {New York, NY, USA}
}

@inproceedings{Martin:2005:PQL,
 author = {Martin, Michael and Livshits, Benjamin and Lam, Monica S.},
 title = {Finding Application Errors and Security Flaws Using PQL: A Program Query Language},
 booktitle = {Proceedings of the 20th Annual ACM SIGPLAN Conference on Object-oriented Programming, Systems, Languages, and Applications},
 series = {OOPSLA '05},
 year = {2005},
 isbn = {1-59593-031-0},
 location = {San Diego, CA, USA},
 pages = {365--383},
 numpages = {19},
 url = {http://doi.acm.org/10.1145/1094811.1094840},
 doi = {10.1145/1094811.1094840},
 acmid = {1094840},
 publisher = {ACM},
 address = {New York, NY, USA},
 keywords = {SQL injection, bug finding, pattern matching, program traces, resource leaks, web applications}
} 

@inproceedings{Newsome:2005:taintcheck,
    author = {Newsome, James and Song, Dawn},
    booktitle = {Proceedings of the Network and Distributed System Security Symposium (NDSS 2005)},
    keywords = {binary, dynamic, signature},
    posted-at = {2006-08-18 18:31:49},
    priority = {0},
    title = {Dynamic Taint Analysis for Automatic Detection, Analysis, and Signature Generation of Exploits on Commodity Software},
    year = {2005}
}

@INPROCEEDINGS{Nethercote:2003:valgrind,
    author = {Nicholas Nethercote and Julian Seward},
    title = {Valgrind: A program supervision framework},
    booktitle = {In Third Workshop on Runtime Verification (RV’03},
    year = {2003}
}

@techreport{Tsai:2001:libsafe,
 author = {Tsai, Timothy and Singh, Navjot},
 title = {Libsafe 2.0: Detection of Format String Vulnerability Exploits},
 year = {2001},
 source = {pubs.research.avayalabs.com/pdfs/ALR-2001-018-whpaper.pdf‎},
 publisher = {Avaya Labs, Avaya Inc.},
 address = {Mountain Ave, NJ, USA}
} 

@inproceedings{Li:2010:PES:1882291.1882338,
 author = {Li, Lian and Cifuentes, Cristina and Keynes, Nathan},
 title = {Practical and Effective Symbolic Analysis for Buffer Overflow Detection},
 booktitle = {Proceedings of the Eighteenth ACM SIGSOFT International Symposium on Foundations of Software Engineering},
 series = {FSE '10},
 year = {2010},
 isbn = {978-1-60558-791-2},
 location = {Santa Fe, New Mexico, USA},
 pages = {317--326},
 numpages = {10},
 url = {http://doi.acm.org/10.1145/1882291.1882338},
 doi = {10.1145/1882291.1882338},
 acmid = {1882338},
 publisher = {ACM},
 address = {New York, NY, USA},
 keywords = {demand-driven, scalability, static program analysis}
}

@inproceedings{Cifuentes:2011:SDE:2025113.2025183,
 author = {Cifuentes, Cristina and Keynes, Nathan and Li, Lian and Hawes, Nathan and Valdiviezo, Manuel and Browne, Andrew and Zimmermann, Jacob and Craik, Andrew and Teoh, Douglas and Hoermann, Christian},
 title = {Static Deep Error Checking in Large System Applications Using Parfait},
 booktitle = {Proceedings of the 19th ACM SIGSOFT Symposium and the 13th European Conference on Foundations of Software Engineering},
 series = {ESEC/FSE '11},
 year = {2011},
 isbn = {978-1-4503-0443-6},
 location = {Szeged, Hungary},
 pages = {432--435},
 numpages = {4},
 url = {http://doi.acm.org/10.1145/2025113.2025183},
 doi = {10.1145/2025113.2025183},
 acmid = {2025183},
 publisher = {ACM},
 address = {New York, NY, USA},
 keywords = {precision, scalability},
} 

